@manual{kent,
  author = {TU Dortmund},
  title = {Anleitung zum Versuch 504, Thermische Elektronenemission},
  date = {2019-06-10},
  url = {http://129.217.224.2/HOMEPAGE/PHYSIKER/BACHELOR/AP/SKRIPT/Alpha.pdf}
}

@manual{kent2,
  author = {Spektrum},
  title = {Austrittsarbeit},
  date = {2019-06-10},
  url = {https://www.spektrum.de/lexikon/physik/austrittsarbeit/1067}
}
