@online{kent,
  author = {TU Dortmund},
  title = {Anleitung zum Versuch 102, Drehschwingungen},
  date = {2018-11-26},
  url = {http://129.217.224.2/HOMEPAGE/PHYSIKER/BACHELOR/AP/SKRIPT/V102.pdf},
}
