@manual{kent,
  author = {TU Dortmund},
  title = {Anleitung zum Versuch US2, Ultraschall-Scan-Verfahren},
  date = {2018-04-11},
  url = {http://129.217.224.2/HOMEPAGE/PHYSIKER/BACHELOR/AP/SKRIPT/UltraschallScan.pdf}
}
