@online{l,
  author = {TU Dortmund},
  title = {Anleitung zum Versuch 303, Der Lock-In-Verst√§rker},
  date = {2018-01-06},
  url = {http://129.217.224.2/HOMEPAGE/PHYSIKER/BACHELOR/AP/SKRIPT/LockIn.pdf},
}
