@manual{kent,
  author = {TU Dortmund},
  title = {Anleitung zum Versuch 500, Der Photoeffekt},
  date = {2019-06-21},
  url = {http://129.217.224.2/HOMEPAGE/PHYSIKER/BACHELOR/AP/SKRIPT/V500.pdf},
}

