@manual{kent,
  author = {TU Dortmund},
  title = {Anleitung zum Versuch 501, Elektronen im elektr. Feld},
  date = {2018-04-07},
  url = {http://129.217.224.2/HOMEPAGE/PHYSIKER/BACHELOR/AP/SKRIPT/V501.pdf}
}
@manual{kent2,
  author = {TU Dortmund},
  title = {Anleitung zum Versuch 502, Elektronen im magn. Feld},
  date = {2018-04-07},
  url = {http://129.217.224.2/HOMEPAGE/PHYSIKER/BACHELOR/AP/SKRIPT/V502.pdf}
}
