@online{kent,
  author = {TU Dortmund},
  title = {Anleitung zum Versuch 353, Das Relaxationsverhalten eines RC-Kreises},
  date = {2018-11-30},
  url = {http://129.217.224.2/HOMEPAGE/PHYSIKER/BACHELOR/AP/SKRIPT/V353.pdf},
}
