@manual{kent,
  author = {TU Dortmund},
  title = {Anleitung zum Versuch 704, Absorption von Alpha- und Beta-Strahlung},
  date = {2019-05-09},
  url = {http://129.217.224.2/HOMEPAGE/PHYSIKER/BACHELOR/AP/SKRIPT/V704.pdf}
}

@manual{kent2,
  author = {Wikibooks},
  title = {Tabellensammlung Chemie/ Dichte fester Stoffe},
  date = {2019-05-09},
  url = {https://de.wikibooks.org/wiki/Tabellensammlung_Chemie/_Dichte_fester_Stoffe}
}

@manual{kent3,
  author = {XLarge},
  title = {Liste der Dichte fester Stoffe},
  date = {2019-05-09},
  url = {http://www.xlarge1.com/hydro/dichte_fester_stoffe.htm}
}

@manual{kent4,
  author = {Wikipedia},
  title = {Avogadro-Konstante},
  date = {2019-05-09},
  url = {https://de.wikipedia.org/wiki/Avogadro-Konstante}
}