@manual{kent,
  author = {TU Dortmund},
  title = {Anleitung zum Versuch 354, Ged√§mpfe und erzwungene Schwingungen},
  date = {2018-12-06},
  url = {http://129.217.224.2/HOMEPAGE/PHYSIKER/BACHELOR/AP/SKRIPT/V354.pdf}
}
@manual{l,
 author = {TU Dortmund},
  title = {Anleitung zum Versuch 353, Das Relaxationsverhalten eines RC-Kreises},
  date = {2018-12-06},
  url = {http://129.217.224.2/HOMEPAGE/PHYSIKER/BACHELOR/AP/SKRIPT/V353.pdf}
}
