@manual{kent,
  author = {TU Dortmund},
  title = {Anleitung zum Versuch 408, Geometrische Optik},
  date = {2019-05-30},
  url = {http://129.217.224.2/HOMEPAGE/PHYSIKER/BACHELOR/AP/SKRIPT/V408.pdf}
}