@manual{kent,
  author = {TU Dortmund},
  title = {Anleitung zum Versuch 701, Reichweite von Alphastrahlung},
  date = {2019-05-05},
  url = {http://129.217.224.2/HOMEPAGE/PHYSIKER/BACHELOR/AP/SKRIPT/Alpha.pdf}
}
