@manual{sample,
  author = {TU Dortmund},
  title = {Versuch zum Literaturverzeichnis},
  year = 2014
}

@manual{kent3,
  author = {Uni Wuppertal},
  title = {Franck-Hertz Messwerte f√ºr Quecksilber},
  date = {2019-04-22},
  url = {http://hydrogen.physik.uni-wuppertal.de/hyperphysics/hyperphysics/hbase/FrHz.html#FHd}
}


@manual{kent2,
  title = {Quecksilber},
  date = {2019-04-22},
  url = {http://www.periodensystem.info/elemente/quecksilber/}
}
