@manual{sample,
  author = {TU Dortmund},
  title = {Versuch zum Literaturverzeichnis},
  year = 2014
}

@manual{sample1,
title = {spektrum.de},
date = {2019-06-16},
url = {https://www.spektrum.de/lexikon/physik/brechzahl/1958},
}