@manual{kent,
  author = {TU Dortmund},
  title = {Anleitung zum Versuch 406, Beugung am Spalt},
  date = {2019-05-23},
  url = {http://129.217.224.2/HOMEPAGE/PHYSIKER/BACHELOR/AP/SKRIPT/V406.pdf}
}