@online{sample,
  author = {TU Dortmund},
  title = {Anleitung zum Versuch 351, Fourier-Analyse und Synthese},
  date = {2018-12-17},
  url = {http://129.217.224.2/HOMEPAGE/PHYSIKER/BACHELOR/AP/SKRIPT/V351.pdf},
}

@online{sample2,
  author = {mathe online},
  title = {Fourierreihen},
  date = {2018-12-17},
  url = {https://www.mathe-online.at/mathint/fourier/i.html},
}
