@manual{kent,
  author = {TU Dortmund},
  title = {Anleitung zum Versuch 602, RÃ¶ntgenemission- und absorption},
  date = {2019-04-25},
  url = {http://129.217.224.2/HOMEPAGE/PHYSIKER/BACHELOR/AP/SKRIPT/RoentgenAbs.pdf}
}
@manual{kent2,
  author = {NIST},
  title = {X-Ray Transition Energies Database},
  date = {2019-04-29},
  url = {https://physics.nist.gov/PhysRefData/XrayTrans/Html/search.html}
}

