@manual{kent,
  author = {TU Dortmund},
  title = {Anleitung zum Versuch 606, Suszeptibilit√§t paramagnetischer Substanzen},
  date = {2019-05-18},
  url = {http://129.217.224.2/HOMEPAGE/PHYSIKER/BACHELOR/AP/SKRIPT/V606.pdf}
}
@manual{sample1,
title = {convertunits.com},
date = {2019-05-15},
url = {https://www.convertunits.com/molarmass/},
}

@manual{sample2,
title = {periodensystem.info},
date = {2019-05-15},
url = {http://www.periodensystem.info/elemente/praseodym/},
}
