@online{kent,
  author = {TU Dortmund},
  title = {Anleitung zum Versuch 105, Das Magnetische Moment},
  date = {2018-11-24},
  url = {http://129.217.224.2/HOMEPAGE/PHYSIKER/BACHELOR/AP/SKRIPT/MagneticTo.pdf},
}
