@online{sample,
  author = {TU Dortmund},
  title = {Anleitung zum Versuch 308, Spulen und Magnetfelder},
  date = {2019-01-17},
  url = {http://129.217.224.2/HOMEPAGE/PHYSIKER/BACHELOR/AP/SKRIPT/Magnetfeld.pdf},
}
