@online{kent,
  author = {TU Dortmund},
  title = {Anleitung zum Versuch 101, Das Tr√§gheitsmoment},
  date = {2018-11-17},
  url = {http://129.217.224.2/HOMEPAGE/PHYSIKER/BACHELOR/AP/SKRIPT/Traegheit.pdf},
}
