@online{l,
  author = {TU Dortmund},
  title = {Anleitung zum Versuch 301, Leerlaufspannung und Innenwiderstand von Spannungsquellen },
  date = {2019-01-09},
  url = {http://129.217.224.2/HOMEPAGE/PHYSIKER/BACHELOR/AP/SKRIPT/V301.pdf},
}
